
@article{church_1936,
    title={A note on the Entscheidungsproblem},
    volume={1},
    DOI={10.2307/2269326},
    number={1},
    journal={Journal of Symbolic Logic},
    publisher={Cambridge University Press},
    author={Church,
    Alonzo},
    year={1936},
    pages={40-41}
}

@article{davis_1960,
    author = {Davis, Martin and Putnam, Hilary},
    title = {A Computing Procedure for Quantification Theory},
    year = {1960},
    issue_date = {July 1960},
    publisher = {Association for Computing Machinery},
    address = {New York, NY, USA},
    volume = {7},
    number = {3},
    issn = {0004-5411},
    url = {https://doi.org/10.1145/321033.321034},
    doi = {10.1145/321033.321034},
    journal = {J. ACM},
    month = {jul},
    pages = {201-215},
    numpages = {15}
}

@article{friedman_1963,
    author = {Friedman, Joyce},
    title = {A Semi-Decision Procedure for the Functional Calculus},
    year = {1963},
    issue_date = {Jan. 1963},
    publisher = {Association for Computing Machinery},
    address = {New York, NY, USA},
    volume = {10},
    number = {1},
    issn = {0004-5411},
    url = {https://doi.org/10.1145/321150.321151},
    doi = {10.1145/321150.321151},
    journal = {J. ACM},
    month = {jan},
    pages = {1-24},
    numpages = {24}
}

@article{gilmore_1960,
    author = {Gilmore, P. C.},
    title = {A Proof Method for Quantification Theory: Its Justification and Realization},
    year = {1960},
    issue_date = {January 1960},
    publisher = {IBM Corp.},
    address = {USA},
    volume = {4},
    number = {1},
    issn = {0018-8646},
    url = {https://doi.org/10.1147/rd.41.0028},
    doi = {10.1147/rd.41.0028},
    journal = {IBM J. Res. Dev.},
    month = {jan},
    pages = {28-35},
    numpages = {8}
}

@article{robinson_1963,
    author = {Robinson, J. A.},
    title = {Theorem-Proving on the Computer},
    year = {1963},
    issue_date = {April 1963},
    publisher = {Association for Computing Machinery},
    address = {New York, NY, USA},
    volume = {10},
    number = {2},
    issn = {0004-5411},
    url = {https://doi.org/10.1145/321160.321166},
    doi = {10.1145/321160.321166},
    journal = {J. ACM},
    month = {apr},
    pages = {163-174},
    numpages = {12}
}